<record><leader>00000cas a22000007i 4500</leader><controlfield tag="001">918942619</controlfield><controlfield tag="006">m     o  d        </controlfield><controlfield tag="007">cr |n|000|||||</controlfield><controlfield tag="008">840314d18651900oruwr neo     0   a0eng  </controlfield><datafield ind1=" " ind2=" " tag="010"><subfield code="a">  2015270872</subfield></datafield><datafield ind1=" " ind2=" " tag="040"><subfield code="a">Nz</subfield><subfield code="b">eng</subfield><subfield code="e">rda</subfield><subfield code="c">Z5A</subfield><subfield code="d">OCLCO</subfield><subfield code="d">OCLCF</subfield><subfield code="d">DLC</subfield></datafield><datafield ind1="0" ind2=" " tag="022"><subfield code="a">2470-9093</subfield><subfield code="2">1</subfield></datafield><datafield ind1=" " ind2=" " tag="042"><subfield code="a">msc</subfield><subfield code="a">nsdp</subfield></datafield><datafield ind1=" " ind2=" " tag="043"><subfield code="a">n-us-or</subfield></datafield><datafield ind1="1" ind2="0" tag="050"><subfield code="a">ISSN RECORD</subfield></datafield><datafield ind1="1" ind2="0" tag="082"><subfield code="a">071</subfield><subfield code="2">23</subfield></datafield><datafield ind1="0" ind2=" " tag="130"><subfield code="a">State rights Democrat (Albany, Or.)</subfield></datafield><datafield ind1=" " ind2="4" tag="222"><subfield code="a">The  state rights Democrat</subfield><subfield code="b">(Albany, Or. Online)</subfield></datafield><datafield ind1="1" ind2="4" tag="245"><subfield code="a">The state rights Democrat.</subfield></datafield><datafield ind1=" " ind2="1" tag="264"><subfield code="a">Albany, Linn County, Oregon :</subfield><subfield code="b">Jas. O'Meara,</subfield><subfield code="c">-1900.</subfield></datafield><datafield ind1=" " ind2=" " tag="300"><subfield code="a">1 online resource</subfield></datafield><datafield ind1=" " ind2=" " tag="310"><subfield code="a">Weekly</subfield></datafield><datafield ind1=" " ind2=" " tag="336"><subfield code="a">text</subfield><subfield code="b">txt</subfield><subfield code="2">rdacontent</subfield></datafield><datafield ind1=" " ind2=" " tag="337"><subfield code="a">computer</subfield><subfield code="b">c</subfield><subfield code="2">rdamedia</subfield></datafield><datafield ind1=" " ind2=" " tag="338"><subfield code="a">online resource</subfield><subfield code="b">cr</subfield><subfield code="2">rdacarrier</subfield></datafield><datafield ind1="0" ind2=" " tag="362"><subfield code="a">Began in 1865; ceased with vol. XXXV, no. 37 (April 20, 1900).</subfield></datafield><datafield ind1=" " ind2=" " tag="500"><subfield code="a">"Oldest Democratic paper in Oregon.".</subfield></datafield><datafield ind1=" " ind2=" " tag="500"><subfield code="a">Publisher: Abbott &amp; Brown, &lt;?&gt;; F. P. Nutting, &lt;January 5-April 20, 1900&gt;.</subfield></datafield><datafield ind1=" " ind2=" " tag="580"><subfield code="a">Daily eds.: Albany evening democrat, 1875-1876, and: Daily Albany democrat, 1876, and: Daily evening Albany democrat, 1888, and: Albany daily democrat, 1888-1900.</subfield></datafield><datafield ind1=" " ind2=" " tag="588"><subfield code="a">Description based on: Vol. 1, no. 2 (August 21, 1865); title from masthead (Chroniclingamerica.loc.gov, viewed February 17, 2016).</subfield></datafield><datafield ind1=" " ind2=" " tag="588"><subfield code="a">Latest issue consulted: Vol. XXXV, no. 37 (April 20, 1900) (Chroniclingamerica.loc.gov, viewed February 17, 2016).</subfield></datafield><datafield ind1=" " ind2="0" tag="651"><subfield code="a">Albany (Or.)</subfield><subfield code="v">Newspapers.</subfield></datafield><datafield ind1=" " ind2="7" tag="651"><subfield code="a">Oregon</subfield><subfield code="z">Albany.</subfield><subfield code="2">fast</subfield><subfield code="0">(OCoLC)fst01209399</subfield></datafield><datafield ind1=" " ind2="7" tag="655"><subfield code="a">Newspapers.</subfield><subfield code="2">fast</subfield><subfield code="0">(OCoLC)fst01423814</subfield></datafield><datafield ind1=" " ind2=" " tag="752"><subfield code="a">United States</subfield><subfield code="b">Oregon</subfield><subfield code="c">Linn</subfield><subfield code="d">Albany.</subfield></datafield><datafield ind1="1" ind2=" " tag="775"><subfield code="t">Albany evening democrat</subfield></datafield><datafield ind1="1" ind2=" " tag="775"><subfield code="t">Daily Albany democrat</subfield></datafield><datafield ind1="1" ind2=" " tag="775"><subfield code="t">Daily evening Albany democrat</subfield></datafield><datafield ind1="1" ind2=" " tag="775"><subfield code="t">Albany daily democrat</subfield></datafield><datafield ind1="0" ind2="8" tag="776"><subfield code="i">Originally issued in print:</subfield><subfield code="t">State rights Democrat (Albany, Or.)</subfield><subfield code="x">2470-9085</subfield><subfield code="w">(DLC)sn 84022644</subfield><subfield code="w">(OCoLC)10519187</subfield></datafield><datafield ind1="0" ind2="0" tag="785"><subfield code="t">Albany democrat (Albany, Or. : 1900)</subfield></datafield><datafield ind1="4" ind2="0" tag="856"><subfield code="u">http://www.loc.gov/chroniclingamerica/lccn/sn84022644/issues</subfield></datafield><datafield ind1="0" ind2=" " tag="029"><subfield code="a">NZ1</subfield><subfield code="b">16034737</subfield></datafield></record>